@misc{honeynet.project,
	title = {The Honeynet Project},
	howpublished = {\url{http://www.honeynet.org/project}},
	note = {Accessed: 2017-05-24}
}

@inproceedings{almotairi2008characterization,
	title={Characterization of attackers' activities in honeypot traffic using principal component analysis},
	author={Saleh Almotairi and Andrew Clark and George Mohay and Jacob Zimmermann},
	booktitle={Network and Parallel Computing, 2008. NPC 2008. IFIP International Conference on},
	pages={147--154},
	year={2008},
	organization={IEEE}
}

@inproceedings{almotairi2009technique,
	title={A technique for detecting new attacks in low-interaction honeypot traffic},
	author={Saleh Almotairi and Andrew Clark and George Mohay and Jacob Zimmermann},
	booktitle={Internet Monitoring and Protection, 2009. ICIMP'09. Fourth International Conference on},
	pages={7--13},
	year={2009},
	organization={IEEE}
}

@inproceedings{kendall2007practical,
	title={Practical malware analysis},
	author={Kendall, Kris and McMillan, Chad},
	booktitle={Black Hat Conference, USA},
	pages={10},
	year={2007}
}

@inproceedings{quist2009visualizing,
	title={Visualizing compiled executables for malware analysis},
	author={Quist, Daniel A and Liebrock, Lorie M},
	booktitle={Visualization for Cyber Security, 2009. VizSec 2009. 6th International Workshop on},
	pages={27--32},
	year={2009},
	organization={IEEE}
}

@unpublished{ofuscation,
	author = {Robbie Harwood and Maxime Serrano},
	title  = {Lecture 26: Obfuscation},
	note   = {Carnegie Mellon University, \url{https://www.cs.cmu.edu/~fp/courses/15411-f13/lectures/26-obfuscation.pdf}},
	year   = {2013},
}

@inproceedings{salles2011characterizing,
	title={Characterizing attackers and attacks: An empirical study},
	author={Salles-Loustau, Gabriel and Berthier, Robin and Collange, Etienne and Sobesto, Bertrand and Cukier, Michel},
	booktitle={Dependable Computing (PRDC), 2011 IEEE 17th Pacific Rim International Symposium on},
	pages={174--183},
	year={2011},
	organization={IEEE}
}

@book{honeywell2004know,
	title={Know Your Enemy: Learning About Security Threats},
	author={Honeywell project},
	year={2004},
	publisher={Addison Wesley}
}

@misc{shodan,
	title = {Shodan is the world's first search engine for Internet-connected devices},
	howpublished = {\url{https://www.shodan.io}},
	note = {Accessed: 2017-05-25}
}

%\bibitem{web_honeypot} Lukas Rist, Sven Vetsch, Marcel Koßin, Michael Maue,
%\emph{A dynamic, low-interaction web application honeypot}. \hskip 1em plus
%  0.5em minus 0.4em\relax The Honeynet Project, 2010. Disponible en: \url{https://www.honeynet.org/sites/default/files/files/KYT-Glastopf-Final_v1.pdf}

%\bibitem{virtual_honeypots} Niels Provos, Thorsten Holz,
%\emph{Virtual Honeypots : from botnet tracking to intrusion detection}, 1st~ed.\hskip 1em plus
%  0.5em minus 0.4em\relax Addison-Wesley, 2007.

%\bibitem{clas_malware} Peter Kálnai, Jaromír Hořejší,
%\emph{DDoS Trojan: A Malicious Concept that Conquered the ELF Format}. \hskip 1em plus
%  0.5em minus 0.4em\relax Virus Bulletin, 2016. Disponible en: \url{https://www.virusbulletin.com/virusbulletin/2016/06/vb2015-paper-ddos-trojan-malicious-concept-conquered-elf-format/}

%\bibitem{art_ampliacion} Mikhail Kuzinší,
%\emph{Versatile DDoS Trojan for Linux}. \hskip 1em plus
%  0.5em minus 0.4em\relax SecureList, 2014. Disponible en: \url{https://securelist.com/analysis/publications/64361/versatile-ddos-trojan-for-linux/}

%\bibitem{art_botnet_billgates} Akamai’s Security Intelligence Research Team,
%\emph{Threat Advisory: “BillGates” Botnet}.\hskip 1em plus
%  0.5em minus 0.4em\relax Akamai’s [state of the internet] / security, 2016. Disponible en: \url{https://www.akamai.com/kr/ko/multimedia/documents/state-of-the-internet/bill-gates-botnet-threat-advisory.pdf}

%\bibitem{tracking_hackers} Lance Spitzner,
%\emph{Honeypots: tracking hackers}, 1st~ed.\hskip 1em plus
%  0.5em minus 0.4em
%  \relax Addison-Wesley, 2002.

%\bibitem{information_security} R.C. Joshi, Anjali Sardana,
%\emph{Honeypots:A New Paradigm to Information Security}.\hskip 1em plus
%  0.5em minus 0.4em
%  \relax CRC Press, 2011

